% Panels

@inproceedings{stewart2019spack,
    author = {Adam J. Stewart and Massimiliano Culpo and Gregory Becker and Peter Scheibel and Todd Gamblin},
    title = {Spack Community {BoF}},
    booktitle = {Supercomputing 2019 (SC19)},
    month = nov,
    year = {2019},
    address = {Denver, CO}
}

@inproceedings{gamblin2018spack,
    author = {Todd Gamblin and Adam J. Stewart and Johannes Albert-von der G{\"o}nna and Marc P{\'e}rache and Matt Belhorn},
    title = {Spack Community {BoF}},
    booktitle = {Supercomputing 2018 (SC18)},
    month = nov,
    year = {2018},
    address = {Dallas, TX}
}
