% Papers

@article{melkonian16,
    author    = "Andrew K. Melkonian and Michael J. Willis and Matthew E. Pritchard and Adam J. Stewart",
    title     = "Recent changes in glacier velocities and thinning at {Novaya Zemlya}",
    journal   = "Remote Sensing of Environment",
    volume    = "174",
    pages     = "244--257",
    year      = "2016",
    publisher = "Elsevier",
    doi       = "10.1016/j.rse.2015.11.001",
    url       = "http://dx.doi.org/10.1016/j.rse.2015.11.001",
}
