% Posters

@inproceedings{stewart2025torchgeo,
    author = {\textbf{Adam J. Stewart} and Nils Lehmann and Xiao Xiang Zhu},
    title = {{TorchGeo} Governance: From {Python} Library to Legal Entity},
    booktitle = {2nd GEO.KI Forum: Challenges, Potentials and Risks of Artificial Intelligence in Earth Observation},
    year = {2025},
    month = apr,
    url = {https://www.bkg.bund.de/DE/Das-BKG/Veranstaltungen/Forum-GEO.KI/forum-geoki.html}
}