% Preprints

@article{stewart2023hemispheric,
  title={Hemispheric Dichotomy of Mantle Dynamics Revealed by Machine Learning},
  author={\textbf{Adam J. Stewart} and Yanchong Li and Zebin Cao and Lijun Liu},
  journal={arXiv preprint arXiv:2306.14312},
  year={2023}
}

@article{stewart2023ssl4eo,
  title={{SSL4EO-L}: Datasets and Foundation Models for {Landsat} Imagery},
  author={\textbf{Adam J. Stewart} and Nils Lehmann and Isaac A. Corley and Yi Wang and Yi-Chia Chang and Nassim Ait Ali Braham and Shradha Sehgal and Caleb Robinson and Arindam Banerjee},
  journal={arXiv preprint arXiv:2306.09424},
  year={2023}
}