% Presentations

@inproceedings{stewart2022torchgeo2,
    author = {Stewart, Adam J. and Robinson, Caleb and Corley, Isaac A. and Ortiz, Anthony and Lavista Ferres, Juan M. and Banerjee, Arindam},
    booktitle = {New Frontiers Initiative Webinar, National Center for Supercomputing Applications (NCSA)},
    month = mar,
    title = {{TorchGeo}: deep learning with geospatial data},
    url = {https://calendars.illinois.edu/detail/7097?eventId=33428563},
    year = {2022}
}
@inproceedings{stewart2022torchgeo,
    author = {Stewart, Adam J. and Robinson, Caleb and Corley, Isaac A. and Ortiz, Anthony and Lavista Ferres, Juan M. and Banerjee, Arindam},
    booktitle = {Berkeley AI + Climate Change Reading Group},
    month = mar,
    title = {{TorchGeo}: deep learning with geospatial data},
    url = {https://berkeley-ai-climate-change.github.io/},
    year = {2022}
}
@inproceedings{dahlgren2021lessons,
    author = {Tamara Dahlgren and Gregory Becker and Richarda Butler and Massimiliano Culpo and Peter Scheibel and Adam Stewart and Todd Gamblin},
    title = {Lessons from Building the {Spack} Open Source Community},
    booktitle = {SIAM Conference on Computational Science and Engineering (CSE21)},
    year = {2021},
    month = mar
}
@inproceedings{lijun2020understanding,
    author = {Lijun Liu and Adam Stewart and Jian Peng},
    title = {Understanding Ocean Bathymetry using Machine Learning},
    booktitle = {AGU Fall Meeting Abstracts},
    year = {2020},
    month = dec
}
@inproceedings{pritchard2014glacier,
    author = {Matthew E. Pritchard and Michael J. Willis and Andrew K. Melkonian and Eva M. Golos and Adam J. Stewart and Garth Ornelas and Joan M. Ramage},
    title = {Glacier changes in the {Russian High Arctic}},
    booktitle = {AGU Fall Meeting Abstracts},
    year = {2014},
    month = dec
}
@inproceedings{willis2013outlet,
    author = {Michael J. Willis and Andrew K. Melkonian and Adam J. Stewart and Eva M. Golos and Matthew E. Pritchard and Joan M. Ramage},
    title = {Outlet glacier thickness and velocity changes in response to the destruction of the {Matusevich Ice Shelf}, {Severnaya Zemlya}, {Russian High Arctic}},
    booktitle = {AGU Fall Meeting Abstracts},
    year = {2013},
    month = dec
}
@inproceedings{melkonian2013surface,
    author = {Andrew K. Melkonian and Michael J. Willis and Matthew E. Pritchard and Adam J. Stewart},
    title = {Surface elevation changes and velocities from remote-sensing data at {Vil'kitskogo}, {Inostranzeva} and {Bunge} glaciers on the {Novaya Zemlya} icefield in the {Russian High Arctic}},
    booktitle = {AGU Fall Meeting Abstracts},
    year = {2013},
    month = dec
}