% Tutorials

@proceedings{gamblin17,
    author       = "Todd Gamblin and Gregory Becker and Massimiliano Culpo and Gregory L. Lee and Matthew P. LeGendre and Mario Melara and Adam J. Stewart",
    title        = "Managing {HPC} Software Complexity with Spack",
    month        = "November",
    year         = "2017",
    organization = "{SuperComputing} 2017",
    address      = "Denver, CO",
}

@proceedings{stewart17,
    author       = "Adam J. Stewart",
    title        = "Managing {HPC} Software Complexity with Spack",
    month        = "June",
    year         = "2017",
    organization = "Argonne National Laboratory",
    address      = "Lemont, IL",
}
