% Workshops

@inproceedings{stewart2020deep,
    author = {\textbf{Adam J. Stewart} and Vaishnavi Ranganathan and Scott Counts and Paul Johns and Kristin Lauter},
    title = {Deep learning for interpolation, forecasting, and inversion of air quality data},
    booktitle = {Microsoft Urban Futures Summer Workshop},
    month = jul,
    year = {2020},
    address = {Redmond, WA}
}